<collection xmlns="http://www.loc.gov/MARC21/slim">
<record>
  <leader>01192nam0a22002531i 450 </leader>
  <controlfield tag="001">IT\ICCU\CNCE\080042</controlfield>
  <controlfield tag="005">20190313000000.0</controlfield>
  <datafield tag="012" ind1=" " ind2=" ">
    <subfield code="a">m.m, ,&amp;r- o-ia reSe (3) 1565 (R)</subfield>
    <subfield code="2">fei</subfield>
  </datafield>
  <datafield tag="100" ind1=" " ind2=" ">
    <subfield code="a">20190220d1565        0itac0103    ba</subfield>
  </datafield>
  <datafield tag="101" ind1=" " ind2=" ">
    <subfield code="a">LAT</subfield>
  </datafield>
  <datafield tag="102" ind1=" " ind2=" ">
    <subfield code="a">IT</subfield>
  </datafield>
  <datafield tag="200" ind1="1" ind2=" ">
    <subfield code="a">℗M. Antonii com. Rovesc. ℗In C. Crispi Sallustii Catilinam, &amp; Iugurtham annotationes. Nunc primum in lucem editae. Addito indice rerum locupletissimo</subfield>
  </datafield>
  <datafield tag="210" ind1=" " ind2=" ">
    <subfield code="a">Patauii</subfield>
    <subfield code="c">apud Gratiosum Perchacinum</subfield>
    <subfield code="d">1565</subfield>
  </datafield>
  <datafield tag="215" ind1=" " ind2=" ">
    <subfield code="a">25, \7! c.</subfield>
    <subfield code="d">8ʻ</subfield>
  </datafield>
  <datafield tag="620" ind1=" " ind2=" ">
    <subfield code="a">IT</subfield>
    <subfield code="d">Padova</subfield>
  </datafield>
  <datafield tag="700" ind1=" " ind2="1">
    <subfield code="a">Rovescala,</subfield>
    <subfield code="b">Marco Antonio</subfield>
    <subfield code="3">IT\ICCU\CNCA\012925</subfield>
  </datafield>
  <datafield tag="712" ind1="0" ind2="0">
    <subfield code="a">Percacino, Grazioso</subfield>
    <subfield code="3">IT\ICCU\CNCT\000435</subfield>
    <subfield code="4">650</subfield>
  </datafield>
  <datafield tag="791" ind1="0" ind2="0">
    <subfield code="a">Perchacinus, Gratiosus</subfield>
    <subfield code="3">IT\ICCU\CNCT\002488</subfield>
    <subfield code="z">Percacino, Grazioso</subfield>
  </datafield>
  <datafield tag="791" ind1="0" ind2="0">
    <subfield code="a">Perchacino, Gratioso</subfield>
    <subfield code="3">IT\ICCU\CNCT\005369</subfield>
    <subfield code="z">Percacino, Grazioso</subfield>
  </datafield>
  <datafield tag="791" ind1="0" ind2="0">
    <subfield code="a">Percaccino, Gratioso</subfield>
    <subfield code="3">IT\ICCU\CNCT\005370</subfield>
    <subfield code="z">Percacino, Grazioso</subfield>
  </datafield>
  <datafield tag="801" ind1=" " ind2="3">
    <subfield code="a">IT</subfield>
    <subfield code="b">ICCU</subfield>
    <subfield code="c">20201115</subfield>
  </datafield>
  <datafield tag="899" ind1=" " ind2=" ">
    <subfield code="a">Biblioteca universitaria. Pavia</subfield>
    <subfield code="1">PV0291</subfield>
    <subfield code="2">MIL UP</subfield>
  </datafield>
  <datafield tag="911" ind1=" " ind2=" ">
    <subfield code="a">Sul front.</subfield>
    <subfield code="9">IT\ICCU\CNCM\002088</subfield>
  </datafield>
  <datafield tag="921" ind1=" " ind2=" ">
    <subfield code="a">IT\ICCU\CNCM\002088</subfield>
    <subfield code="b">Serpente alato attorcigliato a un bastone.</subfield>
    <subfield code="e">Salus vitae</subfield>
    <subfield code="c">U644</subfield>
    <subfield code="d">Dimensioni: 3,4 x 4,2</subfield>
    <subfield code="f">SERPENTE</subfield>
    <subfield code="f">BASTONE</subfield>
    <subfield code="f">SALUSVITAE</subfield>
    <subfield code="g">1560-1580</subfield>
  </datafield>
</record>
</collection>
